<?xml version="1.0" encoding="UTF-8"?><collection xmlns="http://www.loc.gov/MARC21/slim"><record><leader>00402nam--2200133-i-4500</leader><controlfield tag="001">000018829</controlfield><controlfield tag="002">20161230</controlfield><controlfield tag="005">20161230201032</controlfield><controlfield tag="008">060222s1000------------r-----000-0-eng-d</controlfield><datafield ind1=" " ind2=" " tag="100"><subfield code="a">Formby, John</subfield></datafield><datafield ind1=" " ind2=" " tag="245"><subfield code="a">An introduction to the mathematical formulation of self-organizing systems</subfield></datafield><datafield ind1=" " ind2=" " tag="260"><subfield code="a">London, E. &amp; F.N.Spon, 1965. Viii + 200 P</subfield></datafield><datafield ind1=" " ind2=" " tag="490"><subfield code="a">Spon S Industrial Mathematics Series</subfield></datafield><datafield ind1=" " ind2=" " tag="852"><subfield code="a">22451</subfield></datafield></record></collection>